
% Journals

% First the Full Name is given, then the abbreviation used in the AMS Math
% Reviews, with an indication if it could not be found there.
% Note the 2nd overwrites the 1st, so swap them if you want the full name.

 %{AMS}
 @String{AMSTrans = "American Mathematical Society Translations" }
 @String{AMSTrans = "Amer. Math. Soc. Transl." }
 @String{BullAMS = "Bulletin of the American Mathematical Society" }
 @String{BullAMS = "Bull. Amer. Math. Soc." }
 @String{ProcAMS = "Proceedings of the American Mathematical Society" }
 @String{ProcAMS = "Proc. Amer. Math. Soc." }
 @String{TransAMS = "Transactions of the American Mathematical Society" }
 @String{TransAMS = "Trans. Amer. Math. Soc." }

 %ACM
 @String{CACM = "Communications of the {ACM}" }
 @String{CACM = "Commun. {ACM}" }
 @String{CompServ = "Comput. Surveys" }
 @String{JACM = "J. ACM" }
 @String{ACMMathSoft = "{ACM} Transactions on Mathematical Software" }
 @String{ACMMathSoft = "{ACM} Trans. Math. Software" }
 @String{SIGNUM = "{ACM} {SIGNUM} Newsletter" }
 @String{SIGNUM = "{ACM} {SIGNUM} Newslett." }

 @String{AmerSocio = "American Journal of Sociology" }
 @String{AmerStatAssoc = "Journal of the American Statistical Association" }
 @String{AmerStatAssoc = "J. Amer. Statist. Assoc." }
 @String{ApplMathComp = "Applied Mathematics and Computation" }
 @String{ApplMathComp = "Appl. Math. Comput." }
 @String{AmerMathMonthly = "American Mathematical Monthly" }
 @String{AmerMathMonthly = "Amer. Math. Monthly" }
 @String{BIT = "{BIT}" }
 @String{BritStatPsych = "British Journal of Mathematical and Statistical
          Psychology" }
 @String{BritStatPsych = "Brit. J. Math. Statist. Psych." }
 @String{CanMathBull = "Canadian Mathematical Bulletin" }
 @String{CanMathBull = "Canad. Math. Bull." }
 @String{CompApplMath = "Journal of Computational and Applied Mathematics" }
 @String{CompApplMath = "J. Comput. Appl. Math." }
 @String{CompPhys = "Journal of Computational Physics" }
 @String{CompPhys = "J. Comput. Phys." }
 @String{CompStruct = "Computers and Structures" }
 @String{CompStruct = "Comput. \& Structures" }
 @String{CompJour = "The Computer Journal" }
 @String{CompJour = "Comput. J." }
 @String{CompSysSci = "Journal of Computer and System Sciences" }
 @String{CompSysSci = "J. Comput. System Sci." }
 @String{Computing = "Computing" }
 @String{ContempMath = "Contemporary Mathematics" }
 @String{ContempMath = "Contemp. Math." }
 @String{Crelle = "Crelle's Journal" }
 @String{GiornaleMath = "Giornale di Mathematiche" }
 @String{GiornaleMath = "Giorn. Mat." } % didn't find in AMS MR., ibid.

 %IEEE
 @String{Computer = "{IEEE} Computer" }
 @String{IEEETransComp = "{IEEE} Transactions on Computers" }
 @String{IEEETransComp = "{IEEE} Trans. Comput." }
 @String{IEEETransAC = "{IEEE} Transactions on Automatic Control" }
 @String{IEEETransAC = "{IEEE} Trans. Automat. Control" }
 @String{IEEESpec = "{IEEE} Spectrum" } % didn't find in AMS MR
 @String{ProcIEEE = "Proceedings of the {IEEE}" }
 @String{ProcIEEE = "Proc. {IEEE}" } % didn't find in AMS MR
 @String{IEEETransAeroElec = "{IEEE} Transactions on Aerospace and Electronic
     Systems" }
 @String{IEEETransAeroElec = "{IEEE} Trans. Aerospace Electron. Systems" }

 @String{IMANumerAna = "{IMA} Journal of Numerical Analysis" }
 @String{IMANumerAna = "{IMA} J. Numer. Anal." }
 @String{InfProcLet = "Information Processing Letters" }
 @String{InfProcLet = "Inform. Process. Lett." }
 @String{InstMathApp = "Journal of the Institute of Mathematics and
     its Applications" }
 @String{InstMathApp = "J. Inst. Math. Appl." }
 @String{IntControl = "International Journal of Control" }
 @String{IntControl = "Internat. J. Control" }
 @String{IntNumerEng = "International Journal for Numerical Methods in
     Engineering" }
 @String{IntNumerEng = "Internat. J. Numer. Methods Engrg." }
 @String{IntSuper = "International Journal of Supercomputing Applications" }
 @String{IntSuper = "Internat. J. Supercomputing Applic." } % didn't find
%% in AMS MR
 @String{Kibernetika = "Kibernetika" }
 @String{JResNatBurStand = "Journal of Research of the National Bureau
     of Standards" }
 @String{JResNatBurStand = "J. Res. Nat. Bur. Standards" }
 @String{LinAlgApp = "Linear Algebra and its Applications" }
 @String{LinAlgApp = "Linear Algebra Appl." }
 @String{MathAnaAppl = "Journal of Mathematical Analysis and Applications" }
 @String{MathAnaAppl = "J. Math. Anal. Appl." }
 @String{MathAnnalen = "Mathematische Annalen" }
 @String{MathAnnalen = "Math. Ann." }
 @String{MathPhys = "Journal of Mathematical Physics" }
 @String{MathPhys = "J. Math. Phys." }
 @String{MathComp = "Mathematics of Computation" }
 @String{MathComp = "Math. Comp." }
 @String{MathScand = "Mathematica Scandinavica" }
 @String{MathScand = "Math. Scand." }
 @String{TablesAidsComp = "Mathematical Tables and Other Aids to Computation" }
 @String{TablesAidsComp = "Math. Tables Aids Comput." }
 @String{NumerMath = "Numerische Mathematik" }
 @String{NumerMath = "Numer. Math." }
 @String{PacificMath = "Pacific Journal of Mathematics" }
 @String{PacificMath = "Pacific J. Math." }
 @String{ParDistComp = "Journal of Parallel and Distributed Computing" }
 @String{ParDistComp = "J. Parallel and Distrib. Comput." } % didn't find
%% in AMS MR
 @String{ParComputing = "Parallel Computing" }
 @String{ParComputing = "Parallel Comput." }
 @String{PhilMag = "Philosophical Magazine" }
 @String{PhilMag = "Philos. Mag." }
 @String{ProcNAS = "Proceedings of the National Academy of Sciences
                    of the USA" }
 @String{ProcNAS = "Proc. Nat. Acad. Sci. U. S. A." }
 @String{Psychometrika = "Psychometrika" }
 @String{QuartMath = "Quarterly Journal of Mathematics, Oxford, Series (2)" }
 @String{QuartMath = "Quart. J. Math. Oxford Ser. (2)" }
 @String{QuartApplMath = "Quarterly of Applied Mathematics" }
 @String{QuartApplMath = "Quart. Appl. Math." }
 @String{RevueInstStat = "Review of the International Statisical Institute" }
 @String{RevueInstStat = "Rev. Inst. Internat. Statist." }

 %SIAM
 @String{JSIAM = "Journal of the Society for Industrial and Applied
     Mathematics" }
 @String{JSIAM = "J. Soc. Indust. Appl. Math." }
 @String{JSIAMB = "Journal of the Society for Industrial and Applied
     Mathematics, Series B, Numerical Analysis" }
 @String{JSIAMB = "J. Soc. Indust. Appl. Math. Ser. B Numer. Anal." }
 @String{SIAMAlgMeth = "{SIAM} Journal on Algebraic and Discrete Methods" }
 @String{SIAMAlgMeth = "{SIAM} J. Algebraic Discrete Methods" }
 @String{SIAMAppMath = "{SIAM} Journal on Applied Mathematics" }
 @String{SIAMAppMath = "{SIAM} J. Appl. Math." }
 @String{SIAMComp = "{SIAM} Journal on Computing" }
 @String{SIAMComp = "{SIAM} J. Comput." }
 @String{SIAMMatrix = "{SIAM} Journal on Matrix Analysis and Applications" }
 @String{SIAMMatrix = "{SIAM} J. Matrix Anal. Appl." }
 @String{SIAMNumAnal = "{SIAM} Journal on Numerical Analysis" }
 @String{SIAMNumAnal = "{SIAM} J. Numer. Anal." }
 @String{SIAMReview = "{SIAM} Review" }
 @String{SIAMReview = "{SIAM} Rev." }
 @String{SIAMSciStat = "{SIAM} Journal on Scientific and Statistical
     Computing" }
 @String{SIAMSciStat = "{SIAM} J. Sci. Statist. Comput." }

 @String{SoftPracExp = "Software Practice and Experience" }
 @String{SoftPracExp = "Software Prac. Experience" } % didn't find in AMS MR
 @String{StatScience = "Statistical Science" }
 @String{StatScience = "Statist. Sci." }
 @String{Techno = "Technometrics" }
 @String{USSRCompMathPhys = "{USSR} Computational Mathematics and Mathematical
     Physics" }
 @String{USSRCompMathPhys = "{U. S. S. R.} Comput. Math. and Math. Phys." }
 @String{VLSICompSys = "Journal of {VLSI} and Computer Systems" }
 @String{VLSICompSys = "J. {VLSI} Comput. Syst." }
 @String{ZAngewMathMech = "Zeitschrift fur Angewandte Mathematik und
     Mechanik" }
 @String{ZAngewMathMech = "Z. Angew. Math. Mech." }
 @String{ZAngewMathPhys = "Zeitschrift fur Angewandte Mathematik und Physik" }
 @String{ZAngewMathPhys = "Z. Angew. Math. Phys." }

% Publishers % ================================================= |

 @String{Academic = "Academic Press" }
 @String{ACMPress = "{ACM} Press" }
 @String{AdamHilger = "Adam Hilger" }
 @String{AddisonWesley = "Addison-Wesley" }
 @String{AllynBacon = "Allyn and Bacon" }
 @String{AMS = "American Mathematical Society" }
 @String{Birkhauser = "Birkha{\"u}ser" }
 @String{CambridgePress = "Cambridge University Press" }
 @String{Chelsea = "Chelsea" }
 @String{ClaredonPress = "Claredon Press" }
 @String{DoverPub = "Dover Publications" }
 @String{Eyolles = "Eyolles" }
 @String{HoltRinehartWinston = "Holt, Rinehart and Winston" }
 @String{Interscience = "Interscience" }
 @String{JohnsHopkinsPress = "The Johns Hopkins University Press" }
 @String{JohnWileySons = "John Wiley and Sons" }
 @String{Macmillan = "Macmillan" }
 @String{MathWorks = "The Math Works Inc." }
 @String{McGrawHill = "McGraw-Hill" }
 @String{NatBurStd = "National Bureau of Standards" }
 @String{NorthHolland = "North-Holland" }
 @String{OxfordPress = "Oxford University Press" }  %address Oxford or London?
 @String{PergamonPress = "Pergamon Press" }
 @String{PlenumPress = "Plenum Press" }
 @String{PrenticeHall = "Prentice-Hall" }
 @String{SIAMPub = "{SIAM} Publications" }
 @String{Springer = "Springer-Verlag" }
 @String{TexasPress = "University of Texas Press" }
 @String{VanNostrand = "Van Nostrand" }
 @String{WHFreeman = "W. H. Freeman and Co." }

%Entries

@article{Zhou_compileGNN,
  author    = {Yanqi Zhou and
               Sudip Roy and
               AmirAli Abdolrashidi and
               Daniel Wong and
               Peter C. Ma and
               Qiumin Xu and
               Hanxiao Liu and
               Mangpo Phitchaya Phothilimtha and
               Shen Wang and
               Anna Goldie and
               Azalia Mirhoseini and
               James Laudon},
  title     = {Transferable Graph Optimizers for {ML} Compilers},
  journal   = {CoRR},
  volume    = {abs/2010.12438},
  year      = {2020},
  url       = {https://arxiv.org/abs/2010.12438},
  eprinttype = {arXiv},
  eprint    = {2010.12438},
  timestamp = {Wed, 28 Oct 2020 08:28:14 +0100},
  biburl    = {https://dblp.org/rec/journals/corr/abs-2010-12438.bib},
  bibsource = {dblp computer science bibliography, https://dblp.org}
}

@article{mirhoseini2020chip,
  title={Chip placement with deep reinforcement learning},
  author={Mirhoseini, Azalia and Goldie, Anna and Yazgan, Mustafa and Jiang, Joe and Songhori, Ebrahim and Wang, Shen and Lee, Young-Joon and Johnson, Eric and Pathak, Omkar and Bae, Sungmin and others},
  journal={arXiv preprint arXiv:2004.10746},
  year={2020}
}

@article{zhou2019gdp,
  title={Gdp: Generalized device placement for dataflow graphs},
  author={Zhou, Yanqi and Roy, Sudip and Abdolrashidi, Amirali and Wong, Daniel and Ma, Peter C and Xu, Qiumin and Zhong, Ming and Liu, Hanxiao and Goldie, Anna and Mirhoseini, Azalia and others},
  journal={arXiv preprint arXiv:1910.01578},
  year={2019}
}

@article{addanki2019placeto,
  title={Placeto: Learning generalizable device placement algorithms for distributed machine learning},
  author={Addanki, Ravichandra and Venkatakrishnan, Shaileshh Bojja and Gupta, Shreyan and Mao, Hongzi and Alizadeh, Mohammad},
  journal={arXiv preprint arXiv:1906.08879},
  year={2019}
}

@inproceedings{gori2005new,
  title={A new model for learning in graph domains},
  author={Gori, Marco and Monfardini, Gabriele and Scarselli, Franco},
  booktitle={Proceedings. 2005 IEEE international joint conference on neural networks},
  volume={2},
  number={2005},
  pages={729--734},
  year={2005}
}

@article{hochreiter1996lstm,
  title={LSTM can solve hard long time lag problems},
  author={Hochreiter, Sepp and Schmidhuber, J{\"u}rgen},
  journal={Advances in neural information processing systems},
  volume={9},
  year={1996}
}

@article{Zhichao_ESNAS,
  author    = {Zhichao Lu and
               Ian Whalen and
               Vishnu Boddeti and
               Yashesh D. Dhebar and
               Kalyanmoy Deb and
               Erik D. Goodman and
               Wolfgang Banzhaf},
  title     = {{NSGA-NET:} {A} Multi-Objective Genetic Algorithm for Neural Architecture
               Search},
  journal   = {CoRR},
  volume    = {abs/1810.03522},
  year      = {2018},
  url       = {http://arxiv.org/abs/1810.03522},
  eprinttype = {arXiv},
  eprint    = {1810.03522},
  timestamp = {Tue, 30 Oct 2018 10:49:09 +0100},
  biburl    = {https://dblp.org/rec/journals/corr/abs-1810-03522.bib},
  bibsource = {dblp computer science bibliography, https://dblp.org}
}

@article{Shengyi_mask,
  author    = {Shengyi Huang and
               Santiago Onta{\~{n}}{\'{o}}n},
  title     = {A Closer Look at Invalid Action Masking in Policy Gradient Algorithms},
  journal   = {CoRR},
  volume    = {abs/2006.14171},
  year      = {2020},
  url       = {https://arxiv.org/abs/2006.14171},
  eprinttype = {arXiv},
  eprint    = {2006.14171},
  timestamp = {Wed, 01 Jul 2020 15:21:23 +0200},
  biburl    = {https://dblp.org/rec/journals/corr/abs-2006-14171.bib},
  bibsource = {dblp computer science bibliography, https://dblp.org}
}

@article{ZophL16_NASRL,
  author    = {Barret Zoph and
               Quoc V. Le},
  title     = {Neural Architecture Search with Reinforcement Learning},
  journal   = {CoRR},
  volume    = {abs/1611.01578},
  year      = {2016},
  url       = {http://arxiv.org/abs/1611.01578},
  eprinttype = {arXiv},
  eprint    = {1611.01578},
  timestamp = {Mon, 13 Aug 2018 16:46:24 +0200},
  biburl    = {https://dblp.org/rec/journals/corr/ZophL16.bib},
  bibsource = {dblp computer science bibliography, https://dblp.org}
}

@article{shi2020learned,
  title={Learned Hardware/Software Co-Design of Neural Accelerators},
  author={Shi, Zhan and Sakhuja, Chirag and Hashemi, Milad and Swersky, Kevin and Lin, Calvin},
  journal={arXiv preprint arXiv:2010.02075},
  year={2020}
}

@article{kormushev2013reinforcement,
  title={Reinforcement learning in robotics: Applications and real-world challenges},
  author={Kormushev, Petar and Calinon, Sylvain and Caldwell, Darwin G},
  journal={Robotics},
  volume={2},
  number={3},
  pages={122--148},
  year={2013},
  publisher={Multidisciplinary Digital Publishing Institute}
}

@article{Mirhoseini_placementRNN,
  author    = {Azalia Mirhoseini and
               Hieu Pham and
               Quoc V. Le and
               Benoit Steiner and
               Rasmus Larsen and
               Yuefeng Zhou and
               Naveen Kumar and
               Mohammad Norouzi and
               Samy Bengio and
               Jeff Dean},
  title     = {Device Placement Optimization with Reinforcement Learning},
  journal   = {CoRR},
  volume    = {abs/1706.04972},
  year      = {2017},
  url       = {http://arxiv.org/abs/1706.04972},
  eprinttype = {arXiv},
  eprint    = {1706.04972},
  timestamp = {Fri, 04 Jan 2019 10:57:57 +0100},
  biburl    = {https://dblp.org/rec/journals/corr/MirhoseiniPLSLZ17.bib},
  bibsource = {dblp computer science bibliography, https://dblp.org}
}


@article{Schulman_ppo,
  author    = {John Schulman and
               Filip Wolski and
               Prafulla Dhariwal and
               Alec Radford and
               Oleg Klimov},
  title     = {Proximal Policy Optimization Algorithms},
  journal   = {CoRR},
  volume    = {abs/1707.06347},
  year      = {2017},
  url       = {http://arxiv.org/abs/1707.06347},
  eprinttype = {arXiv},
  eprint    = {1707.06347},
  timestamp = {Mon, 13 Aug 2018 16:47:34 +0200},
  biburl    = {https://dblp.org/rec/journals/corr/SchulmanWDRK17.bib},
  bibsource = {dblp computer science bibliography, https://dblp.org}
}